@inproceedings{salakhutdinov2007restricted,
  title={Restricted Boltzmann machines for collaborative filtering},
  author={Salakhutdinov, Ruslan and Mnih, Andriy and Hinton, Geoffrey},
  booktitle={Proceedings of the 24th international conference on Machine learning},
  pages={791--798},
  year={2007},
  organization={ACM}
}

@inproceedings{wang2015collaborative,
  title={Collaborative deep learning for recommender systems},
  author={Wang, Hao and Wang, Naiyan and Yeung, Dit-Yan},
  booktitle={Proceedings of the 21th ACM SIGKDD International Conference on Knowledge Discovery and Data Mining},
  pages={1235--1244},
  year={2015},
  organization={ACM}
}

@article{strub2016hybrid,
  title={Hybrid Collaborative Filtering with Autoencoders},
  author={Strub, Florian and Mary, J{\'e}r{\'e}mie and Gaudel, Romaric},
  journal={arXiv preprint arXiv:1603.00806},
  year={2016}
}

@inproceedings{dong2017hybrid,
  title={A Hybrid Collaborative Filtering Model with Deep Structure for Recommender Systems},
  author={Dong, Xin and Yu, Lei and Wu, Zhonghuo and Sun, Yuxia and Yuan, Lingfeng and Zhang, Fangxi},
  booktitle={Thirty-First AAAI Conference on Artificial Intelligence},
  year={2017}
}

@article{rendle2012factorization,
  title={Factorization machines with libfm},
  author={Rendle, Steffen},
  journal={ACM Transactions on Intelligent Systems and Technology (TIST)},
  volume={3},
  number={3},
  pages={57},
  year={2012},
  publisher={ACM}
}

@inproceedings{sedhain2015autorec,
  title={Autorec: Autoencoders meet collaborative filtering},
  author={Sedhain, Suvash and Menon, Aditya Krishna and Sanner, Scott and Xie, Lexing},
  booktitle={Proceedings of the 24th International Conference on World Wide Web},
  pages={111--112},
  year={2015},
  organization={ACM}
}